@book{latex,
  title = {LaTeX : A Documentation Preparation System User's Guide and Reference Manual},
  publisher = {Addison-Wesley Professional},
  year = {1994},
  author = {Leslie Lamport}
}

@inproceedings{chen20173d,
  title={3d human pose estimation= 2d pose estimation+ matching},
  author={Chen, Ching-Hang and Ramanan, Deva},
  booktitle={CVPR},
  volume={2},
  number={5},
  pages={6},
  year={2017}
}

@inproceedings{martinez2017simple,
  title={A simple yet effective baseline for 3d human pose estimation},
  author={Martinez, Julieta and Hossain, Rayat and Romero, Javier and Little, James J},
  booktitle={IEEE International Conference on Computer Vision},
  volume={206},
  pages={3},
  year={2017}
}

@inproceedings{pavlakos2017coarse,
  title={Coarse-to-fine volumetric prediction for single-image 3D human pose},
  author={Pavlakos, Georgios and Zhou, Xiaowei and Derpanis, Konstantinos G and Daniilidis, Kostas},
  booktitle={Computer Vision and Pattern Recognition (CVPR), 2017 IEEE Conference on},
  pages={1263--1272},
  year={2017},
  organization={IEEE}
}

@inproceedings{bogo2016keep,
  title={Keep it SMPL: Automatic estimation of 3D human pose and shape from a single image},
  author={Bogo, Federica and Kanazawa, Angjoo and Lassner, Christoph and Gehler, Peter and Romero, Javier and Black, Michael J},
  booktitle={European Conference on Computer Vision},
  pages={561--578},
  year={2016},
  organization={Springer}
}

@inproceedings{rogez2017lcr,
  title={Lcr-net: Localization-classification-regression for human pose},
  author={Rogez, Gregory and Weinzaepfel, Philippe and Schmid, Cordelia},
  booktitle={CVPR 2017-IEEE Conference on Computer Vision \& Pattern Recognition},
  year={2017}
}

@inproceedings{tekin2017learning,
  title={Learning to fuse 2d and 3d image cues for monocular body pose estimation},
  author={Tekin, Bugra and Marquez Neila, Pablo and Salzmann, Mathieu and Fua, Pascal},
  booktitle={International Conference on Computer Vision (ICCV)},
  number={EPFL-CONF-230311},
  year={2017}
}

@article{tome2017lifting,
  title={Lifting from the deep: Convolutional 3d pose estimation from a single image},
  author={Tome, Denis and Russell, Christopher and Agapito, Lourdes},
  journal={CVPR 2017 Proceedings},
  pages={2500--2509},
  year={2017},
  publisher={IEEE}
}

@inproceedings{nie2017monocular,
  title={Monocular 3D human pose estimation by predicting depth on joints},
  author={Nie, Bruce Xiaohan and Wei, Ping and Zhu, Song-Chun},
  booktitle={IEEE International Conference on Computer Vision},
  year={2017}
}

@inproceedings{zhou2016sparseness,
  title={Sparseness meets deepness: 3D human pose estimation from monocular video},
  author={Zhou, Xiaowei and Zhu, Menglong and Leonardos, Spyridon and Derpanis, Konstantinos G and Daniilidis, Kostas},
  booktitle={Proceedings of the IEEE conference on computer vision and pattern recognition},
  pages={4966--4975},
  year={2016}
}

@inproceedings{zhou2017towards,
  title={Towards 3d human pose estimation in the wild: a weakly-supervised approach},
  author={Zhou, Xingyi and Huang, Qixing and Sun, Xiao and Xue, Xiangyang and Wei, Yichen},
  booktitle={IEEE International Conference on Computer Vision},
  year={2017}
}

@article{huang2017towards,
  title={Towards Accurate Markerless Human Shape and Pose Estimation over Time},
  author={Huang, Yinghao and Bogo, Federica and Classner, Christoph and Kanazawa, Angjoo and Gehler, Peter V and Akhter, Ijaz and Black, Michael J},
  journal={arXiv preprint arXiv:1707.07548},
  year={2017}
}

@phdthesis{hossain2017understanding,
  title={Understanding the sources of error for 3D human pose estimation from monocular images and videos},
  author={Hossain, Mir Rayat Imtiaz},
  year={2017},
  school={University of British Columbia}
}

@inproceedings{lassner2017unite,
  title={Unite the people: Closing the loop between 3d and 2d human representations},
  author={Lassner, Christoph and Romero, Javier and Kiefel, Martin and Bogo, Federica and Black, Michael J and Gehler, Peter V},
  booktitle={IEEE Conf. on Computer Vision and Pattern Recognition (CVPR)},
  year={2017}
}

@article{mehta2017vnect,
  title={Vnect: Real-time 3d human pose estimation with a single rgb camera},
  author={Mehta, Dushyant and Sridhar, Srinath and Sotnychenko, Oleksandr and Rhodin, Helge and Shafiei, Mohammad and Seidel, Hans-Peter and Xu, Weipeng and Casas, Dan and Theobalt, Christian},
  journal={ACM Transactions on Graphics (TOG)},
  volume={36},
  number={4},
  pages={44},
  year={2017},
  publisher={ACM}
}

@inproceedings{iqbal2017posetrack,
  title={Posetrack: Joint multi-person pose estimation and tracking},
  author={Iqbal, Umar and Milan, Anton and Gall, Juergen},
  booktitle={Proceedings of the IEEE Conference on Computer Vision and Pattern Recognition},
  volume={1},
  year={2017}
}

@inproceedings{zhou2017towards,
  title={Towards 3d human pose estimation in the wild: a weakly-supervised approach},
  author={Zhou, Xingyi and Huang, Qixing and Sun, Xiao and Xue, Xiangyang and Wei, Yichen},
  booktitle={IEEE International Conference on Computer Vision},
  year={2017}
}

@article{chen2017adversarial,
  title={Adversarial learning of structure-aware fully convolutional networks for landmark localization},
  author={Chen, Yu and Shen, Chunhua and Wei, Xiu-Shen and Liu, Lingqiao and Yang, Jian},
  journal={arXiv preprint arXiv:1711.00253},
  year={2017}
}

@article{hossain2017exploiting,
  title={Exploiting temporal information for 3D pose estimation},
  author={Hossain, Mir Rayat Imtiaz and Little, James J},
  journal={arXiv preprint arXiv:1711.08585},
  year={2017}
}


@article{dabral2017structure,
  title={Structure-Aware and Temporally Coherent 3D Human Pose Estimation},
  author={Dabral, Rishabh and Mundhada, Anurag and Kusupati, Uday and Afaque, Safeer and Jain, Arjun},
  journal={arXiv preprint arXiv:1711.09250},
  year={2017}
}

@article{wan2017deepskeleton,
  title={DeepSkeleton: Skeleton Map for 3D Human Pose Regression},
  author={Wan, Qingfu and Zhang, Wei and Xue, Xiangyang},
  journal={arXiv preprint arXiv:1711.10796},
  year={2017}
}

@article{mehta2017single,
  title={Single-Shot Multi-Person 3D Body Pose Estimation From Monocular RGB Input},
  author={Mehta, Dushyant and Sotnychenko, Oleksandr and Mueller, Franziska and Xu, Weipeng and Sridhar, Srinath and Pons-Moll, Gerard and Theobalt, Christian},
  journal={arXiv preprint arXiv:1712.03453},
  year={2017}
}

@inproceedings{newell2016stacked,
  title={Stacked hourglass networks for human pose estimation},
  author={Newell, Alejandro and Yang, Kaiyu and Deng, Jia},
  booktitle={European Conference on Computer Vision},
  pages={483--499},
  year={2016},
  organization={Springer}
}

@inproceedings{insafutdinov2017arttrack,
  title={Arttrack: Articulated multi-person tracking in the wild},
  author={Insafutdinov, Eldar and Andriluka, Mykhaylo and Pishchulin, Leonid and Tang, Siyu and Levinkov, Evgeny and Andres, Bjoern and Schiele, Bernt},
  booktitle={IEEE Conference on Computer Vision and Pattern Recognition (CVPR)},
  volume={4327},
  year={2017},
  organization={IEEE}
}

@inproceedings{bulat2017binarized,
  title={Binarized convolutional landmark localizers for human pose estimation and face alignment with limited resources},
  author={Bulat, Adrian and Tzimiropoulos, Georgios},
  booktitle={International Conference on Computer Vision},
  year={2017}
}






